<record><leader>00000cas a2200000 a 4500</leader><controlfield tag="001">10864435</controlfield><controlfield tag="008">840620d18891892ksuwr ne      0   a0eng d</controlfield><datafield ind1=" " ind2=" " tag="010"><subfield code="a">sn 84029231 </subfield></datafield><datafield ind1=" " ind2=" " tag="040"><subfield code="a">KSH</subfield><subfield code="b">eng</subfield><subfield code="c">KSH</subfield><subfield code="d">NPT</subfield><subfield code="d">OCL</subfield><subfield code="d">OCLCQ</subfield></datafield><datafield ind1=" " ind2=" " tag="042"><subfield code="a">msc</subfield></datafield><datafield ind1="0" ind2="4" tag="245"><subfield code="a">The Pittsburg weekly headlight.</subfield></datafield><datafield ind1=" " ind2=" " tag="260"><subfield code="a">Pittsburg, Kan. :</subfield><subfield code="b">Wm. Moore &amp; Son,</subfield><subfield code="c">1889-1892.</subfield></datafield><datafield ind1=" " ind2=" " tag="300"><subfield code="a">3 v. ;</subfield><subfield code="c">55-59 cm.</subfield></datafield><datafield ind1=" " ind2=" " tag="310"><subfield code="a">Weekly</subfield></datafield><datafield ind1="0" ind2=" " tag="362"><subfield code="a">Vol. 4, no. 51 (Sept. 19, 1889)-v. 7, no. 25 (Mar. 24, 1892).</subfield></datafield><datafield ind1=" " ind2=" " tag="515"><subfield code="a">Numbering is irregular; Mar. 24, 1892 issue and Mar. 30, 1892 issue of Pittsburg headlight both numbered v. 7, no. 25.</subfield></datafield><datafield ind1=" " ind2=" " tag="752"><subfield code="a">United States</subfield><subfield code="b">Kansas</subfield><subfield code="c">Crawford</subfield><subfield code="d">Pittsburg.</subfield></datafield><datafield ind1="0" ind2="0" tag="780"><subfield code="t">Pittsburg headlight (Pittsburg, Kan. : 1886)</subfield><subfield code="w">(DLC)sn 84029230</subfield></datafield><datafield ind1="0" ind2="0" tag="785"><subfield code="t">Pittsburg headlight (Pittsburg, Kan. : 1892)</subfield><subfield code="w">(DLC)sn 84029232</subfield></datafield></record>